<?xml version="1.0" encoding="UTF-8"?>
<marc:collection xmlns:marc="http://www.loc.gov/MARC21/slim" xmlns:xsi="http://www.w3.org/2001/XMLSchema-instance" xsi:schemaLocation="http://www.loc.gov/MARC21/slim http://www.loc.gov/standards/marcxml/schema/MARC21slim.xsd">
   <marc:record type="Bibliographic">
      <marc:leader>01273cam a2200289 a 4500</marc:leader>
      <marc:controlfield tag="001">618399</marc:controlfield>
      <marc:controlfield tag="003">NjP</marc:controlfield>
      <marc:controlfield tag="005">20160914172503.0</marc:controlfield>
      <marc:controlfield tag="008">901220m19889999ir       b    00010 ara d</marc:controlfield>
      <marc:datafield tag="024" ind1="7" ind2=" ">
         <marc:subfield code="a">princeton_aco001376</marc:subfield>
         <marc:subfield code="2">local</marc:subfield>
      </marc:datafield>
      <marc:datafield tag="035" ind1=" " ind2=" ">
         <marc:subfield code="a">(OCoLC)26578558</marc:subfield>
      </marc:datafield>
      <marc:datafield tag="035" ind1=" " ind2=" ">
         <marc:subfield code="a">(CStRLIN)NJPG90-B57525</marc:subfield>
      </marc:datafield>
      <marc:datafield tag="035" ind1=" " ind2=" ">
         <marc:subfield code="9">ACV4530TS</marc:subfield>
      </marc:datafield>
      <marc:datafield tag="040" ind1=" " ind2=" ">
         <marc:subfield code="a">NjP</marc:subfield>
         <marc:subfield code="c">NjP</marc:subfield>
      </marc:datafield>
      <marc:datafield tag="100" ind1="0" ind2=" ">
         <marc:subfield code="a">Nuʻmān ibn Muḥammad, Abū Ḥanīfah,</marc:subfield>
         <marc:subfield code="d">-974.</marc:subfield>
         <marc:subfield code="0">(uri)http://id.loc.gov/authorities/names/n80118462</marc:subfield>
      </marc:datafield>
      <marc:datafield tag="245" ind1="1" ind2="0">
         <marc:subfield code="a">Sharḥ al-akhbār fī faḍāʾil al-aʾimmah al-aṭhār /</marc:subfield>
         <marc:subfield code="c">lil-qāḍī Abī Ḥanīfah al-Nuʻmān ibn Muḥammad al-Tamīmī al-Maghribī ; [al-muḥaqqiq, Muḥammad al-Ḥusaynī al-Jalālī].</marc:subfield>
      </marc:datafield>
      <marc:datafield tag="250" ind1=" " ind2=" ">
         <marc:subfield code="a">al-Ṭabʻah 1.</marc:subfield>
      </marc:datafield>
      <marc:datafield tag="260" ind1=" " ind2=" ">
         <marc:subfield code="a">Qum :</marc:subfield>
         <marc:subfield code="b">Muʾassasat al-Nashr al-Islāmī,</marc:subfield>
         <marc:subfield code="c">1409- [1988 or 1989- ]</marc:subfield>
      </marc:datafield>
      <marc:datafield tag="300" ind1=" " ind2=" ">
         <marc:subfield code="a">v. ;</marc:subfield>
         <marc:subfield code="c">25 cm.</marc:subfield>
      </marc:datafield>
      <marc:datafield tag="500" ind1=" " ind2=" ">
         <marc:subfield code="a">Publisher varies.</marc:subfield>
      </marc:datafield>
      <marc:datafield tag="504" ind1=" " ind2=" ">
         <marc:subfield code="a">Includes bibliographical references.</marc:subfield>
      </marc:datafield>
      <marc:datafield tag="650" ind1=" " ind2="0">
         <marc:subfield code="a">Hadith (Shiites)</marc:subfield>
      </marc:datafield>
      <marc:datafield tag="650" ind1=" " ind2="0">
         <marc:subfield code="a">Ismailites.</marc:subfield>
         <marc:subfield code="0">(uri)http://id.loc.gov/authorities/subjects/sh85068625</marc:subfield>
      </marc:datafield>
      <marc:datafield tag="700" ind1="1" ind2=" ">
         <marc:subfield code="a">Jalālī, Muḥammad Ḥusayn al-Ḥusaynī.</marc:subfield>
      </marc:datafield>
      <marc:datafield tag="740" ind1="0" ind2=" ">
         <marc:subfield code="a">Sharḥ al-akhbār.</marc:subfield>
      </marc:datafield>
      <marc:datafield tag="852" ind1="0" ind2=" ">
         <marc:subfield code="b">nec</marc:subfield>
         <marc:subfield code="h">BP193</marc:subfield>
         <marc:subfield code="i">.N863 1988</marc:subfield>
         <marc:subfield code="p">678537</marc:subfield>
         <marc:subfield code="x">reclassed from: 2272.712 .385 1988</marc:subfield>
      </marc:datafield>
      <marc:datafield tag="998" ind1=" " ind2=" ">
         <marc:subfield code="a">03/31/95</marc:subfield>
         <marc:subfield code="s">9114</marc:subfield>
         <marc:subfield code="n">NjP</marc:subfield>
         <marc:subfield code="w">NJPG90B57525</marc:subfield>
         <marc:subfield code="d">12/20/90</marc:subfield>
         <marc:subfield code="c">JEB</marc:subfield>
         <marc:subfield code="b">KC</marc:subfield>
         <marc:subfield code="i">950331</marc:subfield>
         <marc:subfield code="l">NJPG</marc:subfield>
      </marc:datafield>
      <marc:datafield tag="911" ind1=" " ind2=" ">
         <marc:subfield code="a">19950425</marc:subfield>
      </marc:datafield>
      <marc:datafield tag="912" ind1=" " ind2=" ">
         <marc:subfield code="a">19960103055541.0</marc:subfield>
      </marc:datafield>
   </marc:record>
</marc:collection>
